<record><leader>00000cas a22000007a 4500</leader><controlfield tag="001">33218989</controlfield><controlfield tag="008">950928d18781900meuwr ne      0    0eng d</controlfield><datafield ind1=" " ind2=" " tag="010"><subfield code="a">sn 95067928 </subfield></datafield><datafield ind1=" " ind2=" " tag="040"><subfield code="a">MBN</subfield><subfield code="b">eng</subfield><subfield code="c">MBN</subfield><subfield code="d">OCLCQ</subfield></datafield><datafield ind1=" " ind2=" " tag="043"><subfield code="a">n-us-me</subfield></datafield><datafield ind1="0" ind2="0" tag="245"><subfield code="a">Phillips phonograph.</subfield></datafield><datafield ind1="1" ind2="3" tag="246"><subfield code="a">Phonograph</subfield></datafield><datafield ind1=" " ind2=" " tag="260"><subfield code="a">Phillips, Me. :</subfield><subfield code="b">O.M. Moore</subfield></datafield><datafield ind1=" " ind2=" " tag="310"><subfield code="a">Weekly</subfield></datafield><datafield ind1="0" ind2=" " tag="362"><subfield code="a">Vol. 1, no. 1 (Sept. 14, 1878)-v. 23, no. 17 (Dec. 7, 1900).</subfield></datafield><datafield ind1=" " ind2=" " tag="500"><subfield code="a">Devoted to the interests of Franklin County, its summer resorts, mountains and lakes, and general news.</subfield></datafield><datafield ind1=" " ind2="0" tag="651"><subfield code="a">Phillips (Me.)</subfield><subfield code="v">Newspapers.</subfield></datafield><datafield ind1=" " ind2=" " tag="752"><subfield code="a">United States</subfield><subfield code="b">Maine</subfield><subfield code="c">Franklin</subfield><subfield code="d">Phillips.</subfield></datafield><datafield ind1="0" ind2="0" tag="785"><subfield code="t">Maine woods (Phillips, Me.)</subfield><subfield code="w">(DLC)sn 95067927</subfield></datafield></record>